@article{Fortunato201075,
title = "Community detection in graphs ",
journal = "Physics Reports ",
volume = "486",
pages = "75 - 174",
year = "2010",
author = "Santo Fortunato",
}

@book{leskovec_mining_2014,
	title = {Mining of massive datasets},
	urldate = {2015-05-27},
	publisher = {Cambridge University Press},
	author = {Leskovec, Jure and Rajaraman, Anand and Ullman, Jeffrey David},
	year = {2014},
	file = {Leskovec, Rajaraman, Ullman - Mining of Massive Datasets.pdf:/home/mbc/.zotero/zotero/c96c6e48.default/zotero/storage/KIKC8V4Q/Leskovec, Rajaraman, Ullman - Mining of Massive Datasets.pdf:application/pdf}
}

@article{blondel_fast_2008,
	title = {Fast unfolding of communities in large networks},
	volume = {2008},
	url = {http://iopscience.iop.org/1742-5468/2008/10/P10008},
	pages = {P10008},
	number = {10},
	journaltitle = {Journal of Statistical Mechanics: Theory and Experiment},
	author = {Blondel, Vincent D. and Guillaume, Jean-Loup and Lambiotte, Renaud and Lefebvre, Etienne},
	urldate = {2015-05-26},
	date = {2008},
	file = {Blondel - Fast Unfolding of communinities.pdf:/home/mbc/.zotero/zotero/c96c6e48.default/zotero/storage/QU29CH4J/Blondel - Fast Unfolding of communinities.pdf:application/pdf}
}

@article{gephi,
    author = {Mathieu Bastian and Sebastien Heymann and Mathieu Jacomy},
    title = {Gephi: An Open Source Software for Exploring and Manipulating Networks},
    conference = {International AAAI Conference on Weblogs and Social Media},
    year = {2009},
    url = {http://www.aaai.org/ocs/index.php/ICWSM/09/paper/view/154}
}

@article{igraph,
    title = {The igraph software package for complex network research},
    author = {Gabor Csardi and Tamas Nepusz},
    journal = {InterJournal},
    volume = {Complex Systems},
    pages = {1695},
    year = {2006},
    url = {http://igraph.org},
  }

@article{sun_survey_2011,
	title = {A survey of models and algorithms for social influence analysis},
	url = {http://link.springer.com/chapter/10.1007/978-1-4419-8462-3_7},
	urldate = {2015-05-27},
	booktitle = {Social network data analytics},
	publisher = {Springer},
	author = {Sun, Jimeng and Tang, Jie},
	year = {2011},
	pages = {177--214},
	file = {Sun, Tang - A SURVEY OF MODELS AND ALGORITHMS FOR SOCIAL INFLUENCE ANALYSIS.pdf:/home/mbc/.zotero/zotero/c96c6e48.default/zotero/storage/CBXWZAGK/Sun, Tang - A SURVEY OF MODELS AND ALGORITHMS FOR SOCIAL INFLUENCE ANALYSIS.pdf:application/pdf}
}


@article{lambiotte_laplacian_2008,
	title = {Laplacian dynamics and multiscale modular structure in networks},
	url = {http://arxiv.org/abs/0812.1770},
	journaltitle = {{arXiv} preprint {arXiv}:0812.1770},
	author = {Lambiotte, Renaud and Delvenne, J.-C. and Barahona, Mauricio},
	urldate = {2015-05-26},
	date = {2008},
	file = {Lambiotte, et al - Laplacian Dynamics and Multiscale Modular Structure in Networks.pdf:/home/mbc/.zotero/zotero/c96c6e48.default/zotero/storage/5FPXP4PN/Lambiotte, et al - Laplacian Dynamics and Multiscale Modular Structure in Networks.pdf:application/pdf}
}

@article{fortunato_resolution_2007,
	title = {Resolution limit in community detection},
	volume = {104},
	url = {http://www.pnas.org/content/104/1/36.short},
	pages = {36--41},
	number = {1},
	journaltitle = {Proceedings of the National Academy of Sciences},
	author = {Fortunato, Santo and Barthélemy, Marc},
	urldate = {2015-05-26},
	date = {2007},
	file = {Fortunato, et. al - Resolution limit in community detection.pdf:/home/mbc/.zotero/zotero/c96c6e48.default/zotero/storage/2XSFZEGS/Fortunato, et. al - Resolution limit in community detection.pdf:application/pdf}
}

@inproceedings{hu2008collaborative,
  title={Collaborative filtering for implicit feedback datasets},
  author={Hu, Yifan and Koren, Yehuda and Volinsky, Chris},
  booktitle={2008 Eighth IEEE International Conference on Data Mining},
  pages={263--272},
  year={2008},
  organization={Ieee}
}

@inproceedings{beyer1999nearest,
  title={When is “nearest neighbor” meaningful?},
  author={Beyer, Kevin and Goldstein, Jonathan and Ramakrishnan, Raghu and Shaft, Uri},
  booktitle={International conference on database theory},
  pages={217--235},
  year={1999},
  organization={Springer}
}

@inproceedings{arya1994optimal,
  title={An optimal algorithm for approximate nearest neighbor searching in fixed dimensions},
  author={Arya, Sunil and Mount, David M and Netanyahu, N and Silverman, Ruth and Wu, Angela Y},
  booktitle={Proc. 5th ACM-SIAM Sympos. Discrete Algorithms},
  pages={573--582},
  year={1994}
}

@misc{Blondel08fastunfolding,
    author = {Vincent D Blondel and Jean-loup Guillaume and Renaud Lambiotte and Etienne Lefebvre},
    title = {Fast unfolding of communities in large networks},
    year = {2008}
}


